@article{le2012genprog,
  title={Genprog: A generic method for automatic software repair},
  author={Le Goues, Claire and Nguyen, ThanhVu and Forrest, Stephanie and Weimer, Westley},
  journal={IEEE Transactions on Software Engineering},
  volume={38},
  number={1},
  pages={54--72},
  year={2012},
  publisher={IEEE}
}

@article{weimer2010automatic,
	title={Automatic program repair with evolutionary computation},
	author={Weimer, Westley and Forrest, Stephanie and Le Goues, Claire and Nguyen, ThanhVu},
	journal={Communications of the ACM},
	volume={53},
	number={5},
	pages={109--116},
	year={2010},
	publisher={ACM}
}

@article{le2013current,
	title={Current challenges in automatic software repair},
	author={Le Goues, Claire and Forrest, Stephanie and Weimer, Westley},
	journal={Software Quality Journal},
	volume={21},
	number={3},
	pages={421--443},
	year={2013},
	publisher={Springer}
}

@inproceedings{monperrus2014critical,
	title={A critical review of automatic patch generation learned from human-written patches: essay on the problem statement and the evaluation of automatic software repair},
	author={Monperrus, Martin},
	booktitle={Proceedings of the 36th International Conference on Software Engineering},
	pages={234--242},
	year={2014},
	organization={ACM}
}

@inproceedings{demarco2014automatic,
	title={Automatic repair of buggy if conditions and missing preconditions with SMT},
	author={DeMarco, Favio and Xuan, Jifeng and Le Berre, Daniel and Monperrus, Martin},
	booktitle={Proceedings of the 6th International Workshop on Constraints in Software Testing, Verification, and Analysis},
	pages={30--39},
	year={2014},
	organization={ACM}
}

@inproceedings{arcuri2008novel,
	title={A novel co-evolutionary approach to automatic software bug fixing},
	author={Arcuri, Andrea and Yao, Xin},
	booktitle={Evolutionary Computation, 2008. CEC 2008.(IEEE World Congress on Computational Intelligence). IEEE Congress on},
	pages={162--168},
	year={2008},
	organization={IEEE}
}

@inproceedings{kim2006automatic,
	title={Automatic identification of bug-introducing changes},
	author={Kim, Sunghun and Zimmermann, Thomas and Pan, Kai and James Jr, E and others},
	booktitle={Automated Software Engineering, 2006. ASE'06. 21st IEEE/ACM International Conference on},
	pages={81--90},
	year={2006},
	organization={IEEE}
}

@inproceedings{forrest2009genetic,
	title={A genetic programming approach to automated software repair},
	author={Forrest, Stephanie and Nguyen, ThanhVu and Weimer, Westley and Le Goues, Claire},
	booktitle={Proceedings of the 11th Annual conference on Genetic and evolutionary computation},
	pages={947--954},
	year={2009},
	organization={ACM}
}

@inproceedings{arcuri2008automation,
	title={On the automation of fixing software bugs},
	author={Arcuri, Andrea},
	booktitle={Companion of the 30th international conference on Software engineering},
	pages={1003--1006},
	year={2008},
	organization={ACM}
}

@inproceedings{logozzo2012modular,
	title={Modular and verified automatic program repair},
	author={Logozzo, Francesco and Ball, Thomas},
	booktitle={ACM SIGPLAN Notices},
	volume={47},
	number={10},
	pages={133--146},
	year={2012},
	organization={ACM}
}

@inproceedings{bradbury2010automatic,
	title={Automatic repair of concurrency bugs},
	author={Bradbury, Jeremy S and Jalbert, Kevin},
	booktitle={International symposium on search based software engineeringâ€”fast abstracts},
	pages={1--2},
	year={2010}
}

@inproceedings{just2014defects4j,
	title={Defects4J: A database of existing faults to enable controlled testing studies for Java programs},
	author={Just, Ren{\'e} and Jalali, Darioush and Ernst, Michael D},
	booktitle={Proceedings of the 2014 International Symposium on Software Testing and Analysis},
	pages={437--440},
	year={2014},
	organization={ACM}
}


@article{durieux2015automatic,
	title={Automatic repair of real bugs: An experience report on the defects4j dataset},
	author={Durieux, Thomas and Martinez, Matias and Monperrus, Martin and Sommerard, Romain and Xuan, Jifeng},
	year={2015}
}

@article{xuan2017nopol,
	title={Nopol: Automatic repair of conditional statement bugs in java programs},
	author={Xuan, Jifeng and Martinez, Matias and DeMarco, Favio and Clement, Maxime and Marcote, Sebastian Lamelas and Durieux, Thomas and Le Berre, Daniel and Monperrus, Martin},
	journal={IEEE Transactions on Software Engineering},
	volume={43},
	number={1},
	pages={34--55},
	year={2017},
	publisher={IEEE}
}

@inproceedings{kim2013automatic,
	title={Automatic patch generation learned from human-written patches},
	author={Kim, Dongsun and Nam, Jaechang and Song, Jaewoo and Kim, Sunghun},
	booktitle={Proceedings of the 2013 International Conference on Software Engineering},
	pages={802--811},
	year={2013},
	organization={IEEE Press}
}

@article{monperrus2015automatic,
	title={Automatic software repair: a bibliography},
	author={Monperrus, Martin},
	journal={University of Lille, Tech. Rep.\# hal-01206501},
	year={2015}
}

@article{le2015manybugs,
	title={The ManyBugs and IntroClass benchmarks for automated repair of C programs},
	author={Le Goues, Claire and Holtschulte, Neal and Smith, Edward K and Brun, Yuriy and Devanbu, Premkumar and Forrest, Stephanie and Weimer, Westley},
	journal={IEEE Transactions on Software Engineering},
	volume={41},
	number={12},
	pages={1236--1256},
	year={2015},
	publisher={IEEE}
}

@inproceedings{qi2014strength,
	title={The strength of random search on automated program repair},
	author={Qi, Yuhua and Mao, Xiaoguang and Lei, Yan and Dai, Ziying and Wang, Chengsong},
	booktitle={Proceedings of the 36th International Conference on Software Engineering},
	pages={254--265},
	year={2014},
	organization={ACM}
}

@article{shetty2005heapmon,
	title={Heapmon: a low overhead, automatic, and programmable memory bug detector},
	author={Shetty, Rithin Kumar and others},
	year={2005}
}

@inproceedings{qi2012making,
	title={Making automatic repair for large-scale programs more efficient using weak recompilation},
	author={Qi, Yuhua and Mao, Xiaoguang and Lei, Yan},
	booktitle={Software Maintenance (ICSM), 2012 28th IEEE International Conference on},
	pages={254--263},
	year={2012},
	organization={IEEE}
}

@inproceedings{le2016history,
	title={History driven program repair},
	author={Le, Xuan Bach D and Lo, David and Le Goues, Claire},
	booktitle={Software Analysis, Evolution, and Reengineering (SANER), 2016 IEEE 23rd International Conference on},
	volume={1},
	pages={213--224},
	year={2016},
	organization={IEEE}
}

@article{le2013automatic,
	title={Automatic program repair using genetic programming},
	author={Le Goues, Claire},
	journal={Diss. University of Virginia},
	year={2013}
}

@inproceedings{pei2014automatic,
	title={Automatic Program Repair by Fixing Contracts.},
	author={Pei, Yu and Furia, Carlo A and Nordio, Martin and Meyer, Bertrand},
	booktitle={FASE},
	volume={8411},
	pages={246--260},
	year={2014}
}

@misc{FirefoxOpen,
	title = {Mozilla Firefox on OpenHub},
	howpublished = {\url{https://www.openhub.net/p/firefox}},
	note = {Accessed: 2017-09-10}
}

@misc{FirefoxBugdays,
	title = {Mozilla Firefox Bugdays},
	howpublished = {\url{https://wiki.mozilla.org/Bugdays/Bug-verification}},
	note = {Accessed: 2017-09-10}
}

@inproceedings{binkley2005automated,
	title={Automated refactoring of object oriented code into aspects},
	author={Binkley, David and Ceccato, Mariano and Harman, Mark and Ricca, Filippo and Tonella, Paolo},
	booktitle={Software Maintenance, 2005. ICSM'05. Proceedings of the 21st IEEE International Conference on},
	pages={27--36},
	year={2005},
	organization={IEEE}
}

@inproceedings{hangal2002tracking,
	title={Tracking down software bugs using automatic anomaly detection},
	author={Hangal, Sudheendra and Lam, Monica S},
	booktitle={Proceedings of the 24th international conference on Software engineering},
	pages={291--301},
	year={2002},
	organization={ACM}
}

@article{shetty2006heapmon,
	title={Heapmon: A helper-thread approach to programmable, automatic, and low-overhead memory bug detection},
	author={Shetty, Rithin and Kharbutli, Mazen and Solihin, Yan and Prvulovic, Milos},
	journal={IBM Journal of Research and Development},
	volume={50},
	number={2.3},
	pages={261--275},
	year={2006},
	publisher={IBM}
}

@inproceedings{hangal2002tracking,
	title={Tracking down software bugs using automatic anomaly detection},
	author={Hangal, Sudheendra and Lam, Monica S},
	booktitle={Proceedings of the 24th international conference on Software engineering},
	pages={291--301},
	year={2002},
	organization={ACM}
}

@inproceedings{jeon2002automated,
	title={An automated refactoring approach to design pattern-based program transformations in Java programs},
	author={Jeon, Sang-Uk and Lee, Joon-Sang and Bae, Doo-Hwan},
	booktitle={Software Engineering Conference, 2002. Ninth Asia-Pacific},
	pages={337--345},
	year={2002},
	organization={IEEE}
}

@inproceedings{o2012experimental,
	title={Experimental assessment of software metrics using automated refactoring},
	author={{\'O} Cinn{\'e}ide, Mel and Tratt, Laurence and Harman, Mark and Counsell, Steve and Hemati Moghadam, Iman},
	booktitle={Proceedings of the ACM-IEEE international symposium on Empirical software engineering and measurement},
	pages={49--58},
	year={2012},
	organization={ACM}
}

@inproceedings{moghadam2011code,
	title={Code-Imp: A tool for automated search-based refactoring},
	author={Moghadam, Iman Hemati and {\'O} Cinn{\'e}ide, Mel},
	booktitle={Proceedings of the 4th Workshop on Refactoring Tools},
	pages={41--44},
	year={2011},
	organization={ACM}
}

@inproceedings{pei2014automatic,
	title={Automatic Program Repair by Fixing Contracts.},
	author={Pei, Yu and Furia, Carlo A and Nordio, Martin and Meyer, Bertrand},
	booktitle={FASE},
	volume={8411},
	pages={246--260},
	year={2014}
}

@inproceedings{dallmeier2007extraction,
	title={Extraction of bug localization benchmarks from history},
	author={Dallmeier, Valentin and Zimmermann, Thomas},
	booktitle={Proceedings of the twenty-second IEEE/ACM international conference on Automated software engineering},
	pages={433--436},
	year={2007},
	organization={ACM}
}

@article{lukins2010bug,
	title={Bug localization using latent dirichlet allocation},
	author={Lukins, Stacy K and Kraft, Nicholas A and Etzkorn, Letha H},
	journal={Information and Software Technology},
	volume={52},
	number={9},
	pages={972--990},
	year={2010},
	publisher={Elsevier}
}

@inproceedings{liu2005sober,
	title={SOBER: statistical model-based bug localization},
	author={Liu, Chao and Yan, Xifeng and Fei, Long and Han, Jiawei and Midkiff, Samuel P},
	booktitle={ACM SIGSOFT Software Engineering Notes},
	volume={30},
	number={5},
	pages={286--295},
	year={2005},
	organization={ACM}
}

@article{sidiroglou2005countering,
	title={Countering network worms through automatic patch generation},
	author={Sidiroglou, Stelios and Keromytis, Angelos D},
	journal={IEEE Security \& Privacy},
	volume={3},
	number={6},
	pages={41--49},
	year={2005},
	publisher={IEEE}
}

@inproceedings{goodfellow2014generative,
	title={Generative adversarial nets},
	author={Goodfellow, Ian and Pouget-Abadie, Jean and Mirza, Mehdi and Xu, Bing and Warde-Farley, David and Ozair, Sherjil and Courville, Aaron and Bengio, Yoshua},
	booktitle={Advances in neural information processing systems},
	pages={2672--2680},
	year={2014}
}

@inproceedings{sidiroglou2015automatic,
	title={Automatic error elimination by horizontal code transfer across multiple applications},
	author={Sidiroglou-Douskos, Stelios and Lahtinen, Eric and Long, Fan and Rinard, Martin},
	booktitle={ACM SIGPLAN Notices},
	volume={50},
	number={6},
	pages={43--54},
	year={2015},
	organization={ACM}
}

@inproceedings{cui2007shieldgen,
	title={Shieldgen: Automatic data patch generation for unknown vulnerabilities with informed probing},
	author={Cui, Weidong and Peinado, Marcus and Wang, Helen J and Locasto, Michael E},
	booktitle={Security and Privacy, 2007. SP'07. IEEE Symposium on},
	pages={252--266},
	year={2007},
	organization={IEEE}
}

@inproceedings{long2016automatic,
	title={Automatic patch generation by learning correct code},
	author={Long, Fan and Rinard, Martin},
	booktitle={ACM SIGPLAN Notices},
	volume={51},
	number={1},
	pages={298--312},
	year={2016},
	organization={ACM}
}

@inproceedings{nguyen2013semfix,
	title={Semfix: Program repair via semantic analysis},
	author={Nguyen, Hoang Duong Thien and Qi, Dawei and Roychoudhury, Abhik and Chandra, Satish},
	booktitle={Proceedings of the 2013 International Conference on Software Engineering},
	pages={772--781},
	year={2013},
	organization={IEEE Press}
}

@article{berlin2017bug,
	title={Where is the bug and how is it fixed? an experiment with practitioners},
	author={Berlin, SAP},
	year={2017}
}


@inproceedings{tan2017codeflaws,
	title={Codeflaws: a programming competition benchmark for evaluating automated program repair tools},
	author={Tan, Shin Hwei and Yi, Jooyong and Mechtaev, Sergey and Roychoudhury, Abhik and others},
	booktitle={Proceedings of the 39th International Conference on Software Engineering Companion},
	pages={180--182},
	year={2017},
	organization={IEEE Press}
}

@article{le2015manybugs,
	title={The ManyBugs and IntroClass benchmarks for automated repair of C programs},
	author={Le Goues, Claire and Holtschulte, Neal and Smith, Edward K and Brun, Yuriy and Devanbu, Premkumar and Forrest, Stephanie and Weimer, Westley},
	journal={IEEE Transactions on Software Engineering},
	volume={41},
	number={12},
	pages={1236--1256},
	year={2015},
	publisher={IEEE}
}

@inproceedings{smith2015cure,
	title={Is the cure worse than the disease? overfitting in automated program repair},
	author={Smith, Edward K and Barr, Earl T and Le Goues, Claire and Brun, Yuriy},
	booktitle={Proceedings of the 2015 10th Joint Meeting on Foundations of Software Engineering},
	pages={532--543},
	year={2015},
	organization={ACM}
}

@inproceedings{gupta2017deepfix,
  title={DeepFix: Fixing Common C Language Errors by Deep Learning.},
  author={Gupta, Rahul and Pal, Soham and Kanade, Aditya and Shevade, Shirish},
  year={2017}
}

@inproceedings{goodfellow2014gan,
  title={Generative adversarial nets},
  author={Goodfellow, Ian and Pouget-Abadie, Jean and Mirza, Mehdi and Xu, Bing and Warde-Farley, David and Ozair, Sherjil and Courville, Aaron and Bengio, Yoshua},
  booktitle={Advances in neural information processing systems},
  pages={2672--2680},
  year={2014}
}

@article{luong2015seq2seq,
  title={Multi-task sequence to sequence learning},
  author={Luong, Minh-Thang and Le, Quoc V and Sutskever, Ilya and Vinyals, Oriol and Kaiser, Lukasz},
  journal={arXiv preprint arXiv:1511.06114},
  year={2015}
}

@inproceedings{yu2017seqgan,
  title={SeqGAN: Sequence Generative Adversarial Nets with Policy Gradient.},
  author={Yu, Lantao and Zhang, Weinan and Wang, Jun and Yu, Yong},
  booktitle={AAAI},
  pages={2852--2858},
  year={2017}
}
@article{press2017langgan,
  title={Language Generation with Recurrent Generative Adversarial Networks without Pre-training},
  author={Press, Ofir and Bar, Amir and Bogin, Ben and Berant, Jonathan and Wolf, Lior},
  journal={arXiv preprint arXiv:1706.01399},
  year={2017}
}

@article{zhang2017adversarial,
  title={Adversarial Feature Matching for Text Generation},
  author={Zhang, Yizhe and Gan, Zhe and Fan, Kai and Chen, Zhi and Henao, Ricardo and Shen, Dinghan and Carin, Lawrence},
  journal={arXiv preprint arXiv:1706.03850},
  year={2017}
}

@inproceedings{denton2015imagegan,
  title={Deep Generative Image Models using a Laplacian Pyramid of Adversarial Networks},
  author={Denton, Emily L and Chintala, Soumith and Fergus, Rob and others},
  booktitle={Advances in neural information processing systems},
  pages={1486--1494},
  year={2015}
}

@misc{gccmanpage,
	title={gcc(1) - Linux man page}, 
    url={https://linux.die.net/man/1/gcc}, 
    journal={gcc(1): GNU project C/C compiler - Linux man page}
 } 

@article{robillard2010recommendation,
  title={Recommendation systems for software engineering},
  author={Robillard, Martin and Walker, Robert and Zimmermann, Thomas},
  journal={IEEE software},
  volume={27},
  number={4},
  pages={80--86},
  year={2010},
  publisher={IEEE}
}

@inproceedings{bruch2009codecomplete,
  title={Learning from examples to improve code completion systems},
  author={Bruch, Marcel and Monperrus, Martin and Mezini, Mira},
  booktitle={Proceedings of the the 7th joint meeting of the European software engineering conference and the ACM SIGSOFT symposium on The foundations of software engineering},
  pages={213--222},
  year={2009},
  organization={ACM}
}

@inproceedings{asaduzzaman2014cscc,
  title={Cscc: Simple, efficient, context sensitive code completion},
  author={Asaduzzaman, Muhammad and Roy, Chanchal K and Schneider, Kevin A and Hou, Daqing},
  booktitle={Software Maintenance and Evolution (ICSME), 2014 IEEE International Conference on},
  pages={71--80},
  year={2014},
  organization={IEEE}
}

@article{rabinovich2017ast,
  title={Abstract Syntax Networks for Code Generation and Semantic Parsing},
  author={Rabinovich, Maxim and Stern, Mitchell and Klein, Dan},
  journal={arXiv preprint arXiv:1704.07535},
  year={2017}
}

@misc{cKeywords, 
	url={https://www.programiz.com/c-programming/list-all-keywords-c-language},
    journal={The Complete List of all 32 C Programming Keywords (With Examples) - Programiz}
} 

@article{ramya2017feature,
  title={Feature Extraction and Duplicate Detection for Text Mining: A Survey},
  author={Ramya, RS and Venugopal, KR and Iyengar, SS and Patnaik, LM},
  journal={Global Journal of Computer Science and Technology},
  volume={16},
  number={5},
  year={2017}
}

@article{allahyari2017text,
  title={Text Summarization Techniques: A Brief Survey},
  author={Allahyari, Mehdi and Pouriyeh, Seyedamin and Assefi, Mehdi and Safaei, Saeid and Trippe, Elizabeth D and Gutierrez, Juan B and Kochut, Krys},
  journal={arXiv preprint arXiv:1707.02268},
  year={2017}
}


@misc{bendersky2017pycparser,
	title={eliben/pycparser},
    url={https://github.com/eliben/pycparser},
    journal={GitHub}, 
    publisher={Eli Bendersky},
    author={Bendersky, Eli}, 
    year={2017}, 
    month={Nov}} 
    
@article{rodriguez2007generating,
  title={Generating all polynomial invariants in simple loops},
  author={Rodr{\'\i}guez-Carbonell, Enric and Kapur, Deepak},
  journal={Journal of Symbolic Computation},
  volume={42},
  number={4},
  pages={443--476},
  year={2007},
  publisher={Elsevier}
}

@inproceedings{waldinger1969prow,
  title={PROW: A step toward automatic program writing},
  author={Waldinger, Richard J and Lee, Richard CT},
  booktitle={Proceedings of the 1st international joint conference on Artificial intelligence},
  pages={241--252},
  year={1969},
  organization={Morgan Kaufmann Publishers Inc.}
}

@article{pedregosa2011scikit,
  title={Scikit-learn: Machine learning in Python},
  author={Pedregosa, Fabian and Varoquaux, Ga{\"e}l and Gramfort, Alexandre and Michel, Vincent and Thirion, Bertrand and Grisel, Olivier and Blondel, Mathieu and Prettenhofer, Peter and Weiss, Ron and Dubourg, Vincent and others},
  journal={Journal of Machine Learning Research},
  volume={12},
  number={Oct},
  pages={2825--2830},
  year={2011}
}
